@article{church-1932-spfl,
  author="A. Church",
  title="A Set of Postulates for the Foundations of Logic",
  journal="Annals of Mathematics",
  volume=33,
  pages="346--366",
  number=1,
  year=1932
}
