@inproceedings{smarag,
  title={On the Benefits of Using a Large IXP as an Internet Vantage Point},
  author={Chatzis, Nikolaos and Smaragdakis, Georgios and B{\"o}ttger, Jan and Krenc, Thomas and Feldmann, Anja},
  booktitle={Proceedings of the 2013 conference on Internet measurement conference},
  pages={333--346},
  year={2013},
  organization={ACM}
}

@misc{geolite,
    title = {GeoLite Database},
    url = {http://dev.maxmind.com/geoip/legacy/geolite},
    howpublished = {\url{http://dev.maxmind.com/geoip/legacy/geolite}}
}